<?xml version="1.0" encoding="utf-8"?>
<record xmlns="http://www.loc.gov/MARC21/slim" xmlns:xsi="http://www.w3.org/2001/XMLSchema-instance" xsi:schemaLocation="http://www.loc.gov/MARC21/slim http://www.loc.gov/standards/marcxml/schema/MARC21slim.xsd">
	<leader>     nam a22     Mi 4500</leader>
	<controlfield tag="001">192453</controlfield>
	<controlfield tag="003">NjP</controlfield>
	<controlfield tag="006">m        d        </controlfield>
	<controlfield tag="007">cr cn |||m|||a</controlfield>
	<controlfield tag="008">210310m19539999ua      o    f000 0 ara d</controlfield>
	<datafield ind1=" " ind2=" " tag="040">
		<subfield code="a">ZYU</subfield>
		<subfield code="b">ara</subfield>
		<subfield code="e">rda</subfield>
		<subfield code="c">ZYU</subfield>
	</datafield>
	<datafield ind1=" " ind2=" " tag="043">
		<subfield code="a">f-ua---</subfield>
	</datafield>
	<datafield ind1="0" ind2="3" tag="245">
		<subfield code="6">880-01</subfield>
		<subfield code="a">al-Taʻdād al-ʻāmm lil-sukkān li-sanat 1947 /</subfield>
		<subfield code="c">Maṣlaḥat al-Iḥṣāʼ wa-al-Taʻdād.</subfield>
	</datafield>
	<datafield ind1=" " ind2=" " tag="260">
		<subfield code="6">880-02</subfield>
		<subfield code="a">al-Qāhirah :</subfield>
		<subfield code="b">Jumhūrīyat Miṣr, Wizārat al-Mālīyah wa-al-Iqtiṣād,</subfield>
		<subfield code="c">1953.</subfield>
	</datafield>
	<datafield ind1=" " ind2=" " tag="300">
		<subfield code="a">online resource (volumes)</subfield>
	</datafield>
	<datafield ind1=" " ind2=" " tag="336">
		<subfield code="a">text</subfield>
		<subfield code="2">rdacontent</subfield>
	</datafield>
	<datafield ind1=" " ind2=" " tag="337">
		<subfield code="a">computer</subfield>
		<subfield code="2">rdamedia</subfield>
	</datafield>
	<datafield ind1=" " ind2=" " tag="338">
		<subfield code="a">online resource</subfield>
		<subfield code="2">rdacarrier</subfield>
	</datafield>
	<datafield ind1=" " ind2=" " tag="500">
		<subfield code="a">Part of the Arabic Collections Online (ACO) project, contributed by Princeton University Libraries.</subfield>
	</datafield>
	<datafield ind1="1" ind2=" " tag="505">
		<subfield code="a">Juzʼ. 2. Jadāwil ʻāmmah.</subfield>
	</datafield>
	<datafield ind1=" " ind2=" " tag="533">
		<subfield code="a">Electronic reproduction.</subfield>
		<subfield code="b">New York, N.Y. :</subfield>
		<subfield code="c">New York University,</subfield>
		<subfield code="d">2021.</subfield>
		<subfield code="5">NNU</subfield>
	</datafield>
	<datafield ind1=" " ind2="0" tag="651">
		<subfield code="a">Egypt</subfield>
		<subfield code="x">Census, 1947.</subfield>
	</datafield>
	<datafield ind1=" " ind2="7" tag="651">
		<subfield code="a">Egypt.</subfield>
		<subfield code="2">fast</subfield>
		<subfield code="0">(OCoLC)fst01208755</subfield>
	</datafield>
	<datafield ind1=" " ind2="7" tag="648">
		<subfield code="a">1947</subfield>
		<subfield code="2">fast</subfield>
	</datafield>
	<datafield ind1=" " ind2="7" tag="655">
		<subfield code="a">Census data.</subfield>
		<subfield code="2">fast</subfield>
		<subfield code="0">(OCoLC)fst01411644</subfield>
	</datafield>
	<datafield ind1="1" ind2=" " tag="710">
		<subfield code="6">880-03</subfield>
		<subfield code="a">Egypt.</subfield>
		<subfield code="b">Maṣlaḥat al-Iḥṣāʼ wa-al-Taʻdād.</subfield>
	</datafield>
	<datafield ind1="2" ind2=" " tag="710">
		<subfield code="a">Princeton University.</subfield>
		<subfield code="b">Library.</subfield>
	</datafield>
	<datafield ind1="0" ind2=" " tag="730">
		<subfield code="a">Arabic Collections Online.</subfield>
	</datafield>
	<datafield ind1="0" ind2="8" tag="776">
		<subfield code="i">Print version:</subfield>
		<subfield code="t">al-Taʻdād al-ʻāmm lil-sukkān li-sanat 1947</subfield>
		<subfield code="w">(NjP)192453</subfield>
		<subfield code="w">(OCoLC)78788829</subfield>
	</datafield>
	<datafield ind1="4" ind2="0" tag="856">
		<subfield code="u">http://hdl.handle.net/2333.1/8kprrg1g</subfield>
	</datafield>
	<datafield ind1="0" ind2="2" tag="880">
		<subfield code="6">245-01</subfield>
		<subfield code="a">التعداد العام للسكان لسنة 1947 /</subfield>
		<subfield code="c">مصلحة الاحصاء والتعداد.</subfield>
	</datafield>
	<datafield ind1=" " ind2=" " tag="880">
		<subfield code="6">260-02</subfield>
		<subfield code="a">القاهرة :</subfield>
		<subfield code="b">جمهورية مصر، وزارة المالية والاقتصاد،</subfield>
		<subfield code="c">1953.</subfield>
	</datafield>
	<datafield ind1="1" ind2=" " tag="880">
		<subfield code="6">710-03</subfield>
		<subfield code="a">مصر.</subfield>
		<subfield code="b">مصلحة الإحصاء والتعداد.</subfield>
	</datafield>
	<datafield ind1=" " ind2=" " tag="959">
		<subfield code="a">NNU</subfield>
		<subfield code="b">WEB</subfield>
		<subfield code="c">GENI</subfield>
		<subfield code="t">0</subfield>
		<subfield code="m">Electronic access</subfield>
		<subfield code="s">01</subfield>
	</datafield>
	<datafield ind1=" " ind2=" " tag="999">
		<subfield code="i">NjP_192453</subfield>
		<subfield code="o">(OCoLC)ocm78788829</subfield>
		<subfield code="s">princeton_aco003765:pt.2</subfield>
		<subfield code="e">(ERROR-MISC)</subfield>
		<subfield code="s">princeton_aco003765:pt.2</subfield>
	</datafield>
</record>
